<record><leader>00000cas a2200000 a 4500</leader><controlfield tag="001">36526098</controlfield><controlfield tag="007">hd afb---bacp</controlfield><controlfield tag="007">hd bfb---baap</controlfield><controlfield tag="007">hd bfb---babp</controlfield><controlfield tag="008">970311c188u9999waucr nea     0    0eng c</controlfield><datafield ind1=" " ind2=" " tag="010"><subfield code="a">sn 97047150 </subfield></datafield><datafield ind1=" " ind2=" " tag="040"><subfield code="a">WAU</subfield><subfield code="b">eng</subfield><subfield code="c">WAU</subfield><subfield code="d">OCLCQ</subfield><subfield code="d">OCLCF</subfield><subfield code="d">OCLCO</subfield><subfield code="d">OCLCQ</subfield></datafield><datafield ind1=" " ind2=" " tag="012"><subfield code="i">9703</subfield></datafield><datafield ind1="1" ind2=" " tag="022"><subfield code="a">1082-1198</subfield><subfield code="l">1082-1198</subfield></datafield><datafield ind1=" " ind2=" " tag="042"><subfield code="a">pcc</subfield></datafield><datafield ind1=" " ind2=" " tag="043"><subfield code="a">n-us-wa</subfield></datafield><datafield ind1=" " ind2="4" tag="222"><subfield code="a">The Port Orchard independent</subfield></datafield><datafield ind1="0" ind2="0" tag="245"><subfield code="a">Port Orchard independent.</subfield></datafield><datafield ind1=" " ind2=" " tag="260"><subfield code="a">Port Orchard, Wash. :</subfield><subfield code="b">W.L. Thompson &amp; E.E. Brooks</subfield></datafield><datafield ind1=" " ind2=" " tag="300"><subfield code="a">volumes</subfield></datafield><datafield ind1=" " ind2=" " tag="310"><subfield code="a">Semiweekly,</subfield><subfield code="b">&lt;Nov. 1, 1995-&gt;</subfield></datafield><datafield ind1=" " ind2=" " tag="321"><subfield code="a">Weekly</subfield></datafield><datafield ind1=" " ind2=" " tag="336"><subfield code="a">text</subfield><subfield code="b">txt</subfield><subfield code="2">rdacontent</subfield></datafield><datafield ind1=" " ind2=" " tag="337"><subfield code="a">microform</subfield><subfield code="b">h</subfield><subfield code="2">rdamedia</subfield></datafield><datafield ind1=" " ind2=" " tag="338"><subfield code="a">microfilm reel</subfield><subfield code="b">hd</subfield><subfield code="2">rdacarrier</subfield></datafield><datafield ind1=" " ind2=" " tag="500"><subfield code="a">Publisher: Sound Pub., &lt;Mar. 22, 1995-&gt;</subfield></datafield><datafield ind1=" " ind2=" " tag="588"><subfield code="a">Description based on: Vol. 12, no. 27 (Sept. 8, 1900).</subfield></datafield><datafield ind1=" " ind2=" " tag="588"><subfield code="a">Latest issue consulted: Vol. 105, no. 90 (Dec. 30, 1995).</subfield></datafield><datafield ind1=" " ind2=" " tag="533"><subfield code="a">Microfilm.</subfield><subfield code="m">v. 12: no. 27 (Sept. 1900)-</subfield><subfield code="b">[Seattle, Wash.] :</subfield><subfield code="c">Filmed for the University of Washington Libraries.</subfield><subfield code="e">microfilm reels ; 35 cm.</subfield></datafield><datafield ind1=" " ind2=" " tag="539"><subfield code="a">c</subfield><subfield code="b">1900</subfield><subfield code="c">9999</subfield><subfield code="d">wau</subfield><subfield code="e">u</subfield><subfield code="f">u</subfield><subfield code="g">a</subfield></datafield><datafield ind1=" " ind2="0" tag="651"><subfield code="a">Port Orchard (Wash.)</subfield><subfield code="v">Newspapers.</subfield></datafield><datafield ind1=" " ind2="7" tag="651"><subfield code="a">Washington (State)</subfield><subfield code="z">Port Orchard.</subfield><subfield code="2">fast</subfield><subfield code="0">(OCoLC)fst01227416</subfield></datafield><datafield ind1=" " ind2="7" tag="655"><subfield code="a">Newspapers.</subfield><subfield code="2">fast</subfield><subfield code="0">(OCoLC)fst01423814</subfield></datafield><datafield ind1=" " ind2=" " tag="752"><subfield code="a">United States</subfield><subfield code="b">Washington</subfield><subfield code="c">Kitsap</subfield><subfield code="d">Port Orchard.</subfield></datafield><datafield ind1="1" ind2=" " tag="776"><subfield code="c">Original</subfield><subfield code="w">(DLC)sn 87093489</subfield><subfield code="w">(OCoLC)17297781</subfield></datafield><datafield ind1="0" ind2="0" tag="780"><subfield code="t">Sidney independent</subfield><subfield code="w">(DLC)sn 97047149</subfield></datafield><datafield ind1=" " ind2=" " tag="850"><subfield code="a">WaU</subfield><subfield code="a">WaU (master)</subfield></datafield><datafield ind1="1" ind2=" " tag="029"><subfield code="a">AU@</subfield><subfield code="b">000013141097</subfield></datafield></record>